@article{sivanesan2013tea,
  title={Tea industry in India-Analysis of import and export of tea},
  author={Sivanesan, R},
  journal={International Journal of Business and Management Inventions},
  volume={2},
  number={8},
  pages={09--15},
  year={2013}
}


@article{arya2013indian,
  title={Indian tea scenario},
  author={Arya, Nizara},
  journal={International Journal of Scientific and Research Publications},
  volume={3},
  number={7},
  pages={1--10},
  year={2013},
  publisher={Citeseer}
}

@misc{eauction-annexture,
url = {http://www.teaboard.gov.in/pdf/Auction_Process_pdf3550.pdf},
title = {e-Auction Process},
author = {Tea Board of India}
}


@article{dalal2020information,
  title={The Information Content of Taster's Valuation in Tea Auctions of India},
  author={Dalal, Abhinandan and Mukherjee, Diganta and Roy, Subhrajyoty},
  journal={arXiv preprint arXiv:2005.02814},
  year={2020}
}


@misc{tealeafgrades,
url = {https://web.archive.org/web/20060902002712/http://www.teafountain.com/teagrades/},
title = {Tea Leaf Grades and Production Methods},
author = {TeaFountain.com}
}


@inproceedings{wu2015predicting,
  title={Predicting winning price in real time bidding with censored data},
  author={Wu, Wush Chi-Hsuan and Yeh, Mi-Yen and Chen, Ming-Syan},
  booktitle={Proceedings of the 21th ACM SIGKDD International Conference on Knowledge Discovery and Data Mining},
  pages={1305--1314},
  year={2015}
}

@book{krishna2009auction,
  title={Auction theory},
  author={Krishna, Vijay},
  year={2009},
  publisher={Academic press}
}

@article{george2012optimal,
  title={Optimal pricing using online auction experiments: a Polya tree approach},
  author={George, Edward I and Hui, Sam K},
  journal={The Annals of Applied Statistics},
  pages={55--82},
  year={2012},
  publisher={JSTOR}
}

@book{graham2019digital,
  title={Digital Economies at Global Margins},
  author={Graham, M.},
  isbn={9780262349475},
  series={International Development Research Centre},
  url={https://books.google.co.in/books?id=dRuFDwAAQBAJ},
  year={2019},
  publisher={MIT Press}
}


@article{hariani2018auction,
  title={Auction of mines in India},
  author={Hariani, Janki and Malladi, Harshita and Mehta, Jash and Dedhia, Manthan and Bhutka, Kaushik},
  journal={International Journal for Advance Research and Development},
  volume={3},
  number={10},
  pages={112--117},
  year={2018},
  publisher={IJARnD}
}

@article{levin1996optimal,
  title={Optimal reservation prices in auctions},
  author={Levin, Dan and Smith, James L},
  journal={The Economic Journal},
  volume={106},
  number={438},
  pages={1271--1283},
  year={1996},
  publisher={Oxford University Press Oxford, UK}
}

@book{kleinbaum2010survival,
  title={Survival analysis},
  author={Kleinbaum, David G and Klein, Mitchel},
  year={2010},
  publisher={Springer}
}

@article{miller1976least,
  title={Least squares regression with censored data},
  author={Miller, Rupert G},
  journal={Biometrika},
  volume={63},
  number={3},
  pages={449--464},
  year={1976},
  publisher={Oxford University Press}
}

@article{miller1982regression,
  title={Regression with censored data},
  author={Miller, Rupert and Halpern, Jerry},
  journal={Biometrika},
  volume={69},
  number={3},
  pages={521--531},
  year={1982},
  publisher={Oxford University Press}
}

@article{buckley1979linear,
  title={Linear regression with censored data},
  author={Buckley, Jonathan and James, Ian},
  journal={Biometrika},
  volume={66},
  number={3},
  pages={429--436},
  year={1979},
  publisher={Oxford University Press}
}

@article{koul1981regression,
  title={Regression analysis with randomly right-censored data},
  author={Koul, H and Susarla, Vyaghreswarudu and Van Ryzin, John and others},
  journal={Annals of statistics},
  volume={9},
  number={6},
  pages={1276--1288},
  year={1981},
  publisher={Institute of Mathematical Statistics}
}
