@article{treetanthiploet2021correlated,
  title={Correlated Bandits for Dynamic Pricing Via the Arc Algorithm},
  author={Treetanthiploet, Tanut and Cohen, Samuel N},
  journal={Available at SSRN 3781766},
  year={2021}
}

@article{katehakis1987multi,
  title={The multi-armed bandit problem: decomposition and computation},
  author={Katehakis, Michael N and Veinott Jr, Arthur F},
  journal={Mathematics of Operations Research},
  volume={12},
  number={2},
  pages={262--268},
  year={1987},
  publisher={INFORMS}
}

@inproceedings{vermorel2005multi,
  title={Multi-armed bandit algorithms and empirical evaluation},
  author={Vermorel, Joannes and Mohri, Mehryar},
  booktitle={European conference on machine learning},
  pages={437--448},
  year={2005},
  organization={Springer}
}

@article{russo2017tutorial,
  title={A tutorial on thompson sampling},
  author={Russo, Daniel and Van Roy, Benjamin and Kazerouni, Abbas and Osband, Ian and Wen, Zheng},
  journal={arXiv preprint arXiv:1707.02038},
  year={2017}
}

@article{rusmevichientong2010linearly,
  title={Linearly parameterized bandits},
  author={Rusmevichientong, Paat and Tsitsiklis, John N},
  journal={Mathematics of Operations Research},
  volume={35},
  number={2},
  pages={395--411},
  year={2010},
  publisher={INFORMS}
}

@article{thompson1933likelihood,
  title={On the likelihood that one unknown probability exceeds another in view of the evidence of two samples},
  author={Thompson, William R},
  journal={Biometrika},
  volume={25},
  number={3/4},
  pages={285--294},
  year={1933},
  publisher={JSTOR}
}

@article{cohen2020asymptotic,
  title={Asymptotic Randomised Control with applications to bandits},
  author={Cohen, Samuel N and Treetanthiploet, Tanut},
  journal={arXiv preprint arXiv:2010.07252},
  year={2020}
}

@techreport{dube2017scalable,
  title={Scalable price targeting},
  author={Dub{\'e}, Jean-Pierre and Misra, Sanjog},
  year={2017},
  institution={National Bureau of Economic Research}
}