@book{hull2003options,
  title={Options futures and other derivatives},
  author={Hull, John C},
  year={2003},
  publisher={Pearson Education India}
}


@book{pliska1997introduction,
  title={Introduction to mathematical finance},
  author={Pliska, Stanley},
  year={1997},
  publisher={Blackwell publishers Oxford}
}

@book{ross2011elementary,
  title={An elementary introduction to mathematical finance},
  author={Ross, Sheldon M},
  year={2011},
  publisher={Cambridge University Press}
}

@article{ait2003nonparametric,
  title={Nonparametric option pricing under shape restrictions},
  author={A{\i}t-Sahalia, Yacine and Duarte, Jefferson},
  journal={Journal of Econometrics},
  volume={116},
  number={1-2},
  pages={9--47},
  year={2003},
  publisher={Elsevier}
}

@article{fengler2009arbitrage,
  title={Arbitrage-free smoothing of the implied volatility surface},
  author={Fengler, Matthias R},
  journal={Quantitative Finance},
  volume={9},
  number={4},
  pages={417--428},
  year={2009},
  publisher={Taylor \& Francis}
}

@article{fengler2015semi,
  title={Semi-nonparametric estimation of the call-option price surface under strike and time-to-expiry no-arbitrage constraints},
  author={Fengler, Matthias R and Hin, Lin-Yee},
  journal={Journal of Econometrics},
  volume={184},
  number={2},
  pages={242--261},
  year={2015},
  publisher={Elsevier}
}

@article{ivanovas2014option,
  title={Option data, missing tails, and the intraday variation of implied moments},
  author={Ivanovas, Anselm},
  year={2014}
}

@article{cohen2020detecting,
  title={Detecting and repairing arbitrage in traded option prices},
  author={Cohen, Samuel N and Reisinger, Christoph and Wang, Sheng},
  journal={arXiv preprint arXiv:2008.09454},
  year={2020}
}

@article{breeden1978prices,
  title={Prices of state-contingent claims implicit in option prices},
  author={Breeden, Douglas T and Litzenberger, Robert H},
  journal={Journal of business},
  pages={621--651},
  year={1978},
  publisher={JSTOR}
}

@article{kellerer1972markov,
  title={Markov-komposition und eine anwendung auf martingale},
  author={Kellerer, Hans G},
  journal={Mathematische Annalen},
  volume={198},
  number={3},
  pages={99--122},
  year={1972},
  publisher={Springer}
}